%%%%%%%%%%%%%%%%%%%%%%%%%%%%%%%%%%%% 
%%%%%%%%%%  Non-Data
@book{orwell2013politics,
  title={Politics and the English Language},
  author={Orwell, George},
  year={2013},
  publisher={Penguin UK},
  keywords = {nondata}
}

@article{scruton2015poetry2,
  title={Poetry and truth},
  author={Scruton, Roger},
  journal={The Philosophy of Poetry},
  publisher={Oxford University Press, USA},
  year={2015},
  keywords = {nondata}
}

@incollection{scruton2015poetry,
  author      =  {Scruton, Roger},
  title       = {Poetry and truth},
  editor      = {Gibson, John},
  booktitle   = {The Philosophy of Poetry},
  publisher   = {Oxford University Press},
  year        = {2015}
}

@incollection{emerson2015poet,
  title={The Poet (1844)},
  author={Emerson, Ralph Waldo},
  booktitle={Ralph Waldo Emerson},
  pages={202--225},
  year={2015},
  publisher={Harvard University Press}
}

@article{descioli2021piled,
  title={Piled Modifiers, Buried Verbs, and Other Turgid Prose in the American Political Science Review},
  author={DeScioli, Peter and Pinker, Steven},
  journal={PS: Political Science \& Politics},
  pages={1--6},
  year={2021},
  publisher={Cambridge University Press}
}

@book{gowers1988complete,
  title={The complete plain words},
  author={Gowers, Ernest},
  year={1988},
  publisher={David R. Godine Publisher}
}


@article{cumberland1796thoughts,
  title={Thoughts on Outline},
  author={Cumberland, George},
  journal={Sculpture, and the System that Guided the},
  year={1796}
}

%Gowers, Sir Ernest. 1954. The Complete Plain Words. London: Her Majesty’s Stationary Office.

%%%%%%%%%%%%%%%%%%%%%%%%%%%%%%%%%%%% 
%%%%%%%%%% Viz Guides
@book{schwabish2021better,
  title={Better Data Visualizations: A Guide for Scholars, Researchers, and Wonks},
  author={Schwabish, Jonathan},
  year={2021},
  publisher={Columbia University Press},
  keywords = {guides}
}

@book{knaflic2015storytelling,
  title={Storytelling With Data: A Data Visualization Guide for Business Professionals},
  author={Knaflic, Cole Nussbaumer},
  year={2015},
  publisher={John Wiley \& Sons},
  keywords = {guides}
}

@article{schwabish2014economist,
  title={An economist's guide to visualizing data},
  author={Schwabish, Jonathan},
  journal={Journal of Economic Perspectives},
  volume={28},
  number={1},
  pages={209--34},
  year={2014}
}


%%%%%%%%%%%%%%%%%%%%%%%%%%%%%%%%%%%% 
%%%%%%%%%%%% Python Technical
@book{vanderplas2016python,
  title={Python Data Science Handbook: Essential Tools for Working with Data},
  author={VanderPlas, Jake},
  year={2016},
  publisher={" O'Reilly Media, Inc."},
  keywords = {tech}
}

@book{Turrell2021,
title     = "Coding for Economists",
author    = "Turrell, Arthur, and contributors",
year      = 2021,
publisher = "Online",
url       = "https://aeturrell.github.io/coding-for-economists"
}

%%%%%%%%%%%%%%%%%%%%%%%%%%%%%%%%%%%% 
%%%%%%%%% Software
@article{pythonternary,
  title={python-ternary: Ternary Plots in Python},
  author={Harper, Marc},
  year={2020},
  journal={Zenodo 10.5281/zenodo.594435},
  doi={10.5281/zenodo.594435},
  url={https://github.com/marcharper/python-ternary},
  keywords = {software}
}

%%%%%%%%%%%%%%%%%%%%%%%%%%%%%%%%%%%% 
%%%%%% math
@book{borg2018applied,
  title={Applied multidimensional scaling and unfolding},
  author={Borg, Ingwer},
  year={2018},
  publisher={Springer},
  keywords = {math}
}


%%%%%%%%%%%%%%%%%%%%%%%%%%%%%%%%%%%% 
%%%%%% art
@misc{cotan, 
    title={Quince, Cabbage, Melon, and Cucumber}, author={Cotán, Juan Sánchez}, 
    year={c. 1600},
    publisher = {San Diego Museum of Art, San Diego}}}

@misc{blakenewton, 
    title={Isaac Newton}, 
    author={Blake, William},
    publisher = {Tate Gallery, London},
    year={1795}}